@misc{gmit:home,
    author    = {{Galway-Mayo Institute of Technology}},
    title     = {{GMIT}},
    howpublished = {\url{https://www.gmit.ie}},
    urldate = {2020-06-24}
}


@misc{arxiv:home,
    author    = {{Cornell University}},
    title     = {{arXiv.org e-Print archive}},
    howpublished = {https://arxiv.org}},
    urldate = {2020-06-24}
}